@book{bergeron,
  title={Varieties of increasing trees},
  author={Bergeron, Fran{\c{c}}ois and Flajolet, Philippe and Salvy, Bruno},
  year={1992},
  publisher={Springer}
}
@article{brouder,
  title={Runge--Kutta methods and renormalization},
  author={Brouder, Ch},
  journal={The European Physical Journal C-Particles and Fields},
  volume={12},
  number={3},
  pages={521--534},
  year={2000},
  publisher={Springer}
}
@article{mazza,
  title={Simply generated trees, B-series and Wigner processes},
  author={Mazza, Christian},
  journal={Random Structures \& Algorithms},
  volume={25},
  number={3},
  pages={293--310},
  year={2004},
  publisher={Wiley Online Library}
}
@article{macarthur,
  title={Symmetry in complex networks},
  author={MacArthur, Ben D and S{\'a}nchez-Garc{\'\i}a, Rub{\'e}n J and Anderson, James W},
  journal={Discrete Applied Mathematics},
  volume={156},
  number={18},
  pages={3525--3531},
  year={2008},
  publisher={Elsevier}
}
@article{macarthur2006,
  title={Symmetry and Self-Organization in Complex Systems},
  author={MacArthur, Ben D and Anderson, James W},
  journal={arXiv preprint cond-mat/0609274},
  year={2006}
}
@book{butcher2008,
  title={Numerical methods for ordinary differential equations},
  author={Butcher, John C},
  year={2008},
  publisher={John Wiley \& Sons}
}
@book{tucker,
  title={Applied combinatorics},
  author={Tucker, Alan and Combinatorial analysis and Graph theory},
  volume={287},
  year={1984},
  publisher={Wiley New York}
}
@article{kreimer,
  title={Chen's iterated integral represents the operator product expansion},
  author={Kreimer, Dirk},
  journal={arXiv preprint hep-th/9901099},
  year={1999}
}
@article{butcher1963,
  title={Coefficients for the study of Runge-Kutta integration processes},
  author={Butcher, John C},
  journal={Journal of the Australian Mathematical Society},
  volume={3},
  number={02},
  pages={185--201},
  year={1963},
  publisher={Cambridge Univ Press}
}
@techreport{harary,
  title={Graphical enumeration},
  author={Harary, Frank and Palmer, Edgar M},
  year={1973},
  institution={DTIC Document}
}
@article{butcher1972,
  title={An algebraic theory of integration methods},
  author={Butcher, John C},
  journal={Mathematics of Computation},
  volume={26},
  number={117},
  pages={79--106},
  year={1972}
}
